@misc{exception,
  author = {Michael Snoyman},
  title = {Exceptions and monad transformers},
  howpublished = {\url{https://www.schoolofhaskell.com/user/snoyberg/general-haskell/exceptions/exceptions-and-monad-transformers}},
  note = {2013-08-22}
}

@misc{Jane,
  author = {Jane Street},
  title = {incremental},
  howpublished = {\url{https://github.com/janestreet/incremental/blob/master/src/incremental_intf.ml}},
  note = {2015-08-17}
}

@misc{Adaptive,
  author = {Magnus Carlsson},
  title = {Adaptive},
  howpublished = {\url{https://hackage.haskell.org/package/Adaptive}},
  note = {2013-01-28}
}

@misc{reactive,
  author = {Heinrich Apfelmus},
  title = {Reactive-Banana},
  howpublished = {\url{https://wiki.haskell.org/Reactive-banana}},
  note = {2016-01-04}
}

@article{acar2006adaptive,
  title={Adaptive functional programming},
  author={Acar, Umut A and Blelloch, Guy E and Harper, Robert},
  journal={ACM Transactions on Programming Languages and Systems (TOPLAS)},
  volume={28},
  number={6},
  pages={990--1034},
  year={2006},
  publisher={ACM}
}

